@incollection{SeoDogucu2023,
  author    = {JooYoung Seo and Mine Dogucu},
  title     = {Data Science and Accessibility},
  booktitle = {Teaching Accessible Computing},
  editor    = {Amy Ko and Richard Ladner and Alannah Oleso},
  year      = {2024},
  publisher = {University of Washington},
  annote    = {*}
}
