% @article{moon2023navigating,
%   author   = {Moon, Jewoong and Seo, JooYoung and Awoyemi, David},
%   title    = {Navigating Social Complexity: The Synergistic Use of ChatGPT and Epistemic Network Analysis for Social Skills Assessment in Autistic Children in Virtual Reality-based Training},
%   journal  = {Journal of Computer Assisted Learning},
%   pubstate = {under review},
%   annote   = {*}
% }

@inproceedings{lee2024identify,
  title     = {Identify, Adapt, Persist: The Journey of Blind and Low-Vision Individuals with Personal Health Technologies},
  author    = {Lee, Jarrett and Lee, Bongshin and Choi, Soyoung and Seo, JooYoung and Choe, Eun Kyoung},
  booktitle = {Proceedings of the 2024 IMWUT},
  pubstate  = {under review},
  annote    = {*}
}

